%% -*- mode: BibTeX -*-
%%

%%%%%%%%%%%%%%%%%%%%%%%%%%%%%%%%%%%%%%%%%%%%%%%%%%%%%%%%%%%%%%%%%%%%%%%%%%%%%%%
%%%%%%%%%%%%%%%%%%%%%%%%%%%%%%%%%%%%%%%%%%%%%%%%%%%%%%%%%%%%%%%%%%%%%%%%%%%%%%%

%% Add your bibliography records here.  For example:

%@inproceedings{Gundogran+:icn18,
% author =	 "G{\"{u}}ndo\u{g}ran, Cenk and Kietzmann, Peter and Lenders,
%                  Martine and Petersen, Hauke and Schmidt, Thomas C. and
%                  W{\"{a}}hlisch, Matthias",
 % title =	 "{NDN}, {CoAP}, and {MQTT}: A Comparative Measurement Study in
%                  the {IoT}",
%  booktitle =	 proc_ # "5th ACM Conference on Information-Centric Networking
 %                 (ICN)",
 % pages =	 "159--171",
 % year =	 2018,
 % month =	 sep,
 % url =		 "https://doi.org/10.1145/3267955.3267967",
 % doi =		 "10.1145/3267955.3267967",
  %keywords =	 "security, energy, protocol evaluation, measurement, internet
%                  of things, wireless"
%}

@misc{powder,
  author =	 "{Flux Research Group}",
  title =	 "{POWDER}: Platform for Open Wireless Data-driven Experimental
                  Research",
  year =	 2020,
  howpublished = "{\url{https://powderwireless.net/}}"
}

@inproceedings{MPLSSDN,
  author =	 "Ayoub Bahnasse, Fatima Ezzahraa Louhab, Hafsa Ait Oulahyane, Mohamed Talea, Assia Bakali",
  title =	 "Novel SDN architecture for smart MPLS Traffic Engineering-DiffServ Aware management",
  booktitle = "Future Generation Computer Systems 87",
  pages =	 "115--126",
  year =	 2018,
  month =	 May,
  url =		 "https://doi.org/10.1016/j.future.2018.04.066",
  doi =		 "10.1016/2018.04.066",
  keywords =	 "MPLS, SDN, Bandwidth allocation, Diffserv aware TE"
}

@inproceedings{SDNNFV,
  author =	 "Chao Bu, Xingwei Wang, Hui Cheng, Min Huang. Keqin Li, Sajal K. Das",
  title =	 "Enabling Adaptive Routing Services Customization via the Integration of SDN and NFV",
  booktitle = "Journal of Network and Computer Applications 93",
  pages =	 "123--136",
  year =	 2017,
  month =	 Oct,
  url =		 "http://dx.doi.org/10.1016/j.jnca.2017.05.010",
  doi =		 "10.1016/2017.05.010",
  keywords =	 "Routing service, SDN, NFV, Customization, Pareto efficiency, Benefit equilibrium"
}

@inproceedings{SRR,
  author =	 "Simon Redman, David Johnson, Jacobus van der Merwe",
  title =	 "Critical Reroute: A Practical Approach too Network Flow Prioritization using Segment Routing",
  booktitle = "2019 IEEE International Symposium on Local and Metropolitan Area Networks",
  pages =	 "1--6",
  year =	 2019,
  month =	 July,
  url =		 "https://ieeexplore.ieee.org/abstract/document/8846997",
  doi =		 "10.1109/LANMAN.2019.8846997",
  keywords =	 "Segment Routing, Genetic Algorithms, Network Reliability, Metropolitan Area Networks"
}

@inproceedings{SDX1,
  author =	 "Arpit Gupta, Laurent Vanbever, Muhammad Shahbaz, Sean P. Donovan, Brandon Schlinker, Nick Feamster, Jennifer Rexford, Scott Shenker, Russ Clark, Ethan Katz-Bassett",
  title =	 "SDX: a software defined internet exchange",
  booktitle = "ACM SIGCOMM Computer Communication Review",
  pages =	 "551--562",
  year =	 2014,
  month =	 August,
  url =		 "https://doi.org/10.1145/2740070.2626300",
  doi =		 "10.1145/2740070.2626300",
  keywords =	 "SDX, Networks, Network Protocols"
}

@inproceedings{SDX2,
  author =	 "Arpit Gupta, Robert MacDavid, Rudiger Birkner, Marco Canini, Nick Feamster, Jennifer Rexford, Laurent Vanbever",
  title =	 "An Industrial-Scale Software Defined Internet Exchange Point",
  booktitle = "NSDI'16: Proceedings of the 13th Usenix Conference on Networked Systems Design and Implementation",
  pages =	 "1--14",
  year =	 2016,
  month =	 March,
  url =		 "https://dl.acm.org/doi/10.5555/2930611.2930612",
  doi =		 "10.5555/2930611.2930612",
  keywords =	 "Networks, Network service, Network management"
}

@inproceedings{RouteServers,
  author =	 "Philipp Richter, Georgios Smaragdakis, Anja Feldmann, Nikolaos Chatzis, Jan Boettger, Walter Willinger",
  title =	 "Peering at Peerings: On the Role of IXP Route Servers",
  booktitle = "IMC '14: Proceedings of the 2014 Conference on Internet Measurement Conference",
  pages =	 "31--44",
  year =	 2014,
  month =	 November,
  url =		 "https://dl.acm.org/doi/10.1145/2663716.2663757",
  doi =		 "10.1145/2663716.2663757",
  keywords =	 "Networks, Network service, Peering at Peerings"
}

@inproceedings{BGPPolicy,
  author =	 "M. Caesar, J. Rexford",
  title =	 "BGP routing policies in ISP networks",
  booktitle = "IEEE Network",
  pages =	 "5--11",
  year =	 2005,
  month =	 November,
  url =		 "https://ieeexplore.ieee.org/document/1541715/authors#authors",
  doi =		 "10.1109/MNET.2005.1541715",
  keywords =	 "BGP routing policies, ISP networks, routing protocols"
}

@inproceedings{InterDSDN,
  author =	 "V. Kotronis, A. Gamperli, X. Dimitropoulos",
  title =	 "Routing centralization across domains via SDN: A model and emulation framework for BGP evolution",
  booktitle = "Computer Networks",
  pages =	 "227--239",
  year =	 2015,
  month =	 December,
  url =		 "https://www.sciencedirect.com/science/article/abs/pii/S1389128615002480?via\%3Dihub",
  doi =		 "10.1016/j.comnet.2015.07.015",
  keywords =	 "SDN, Routing, BGP, Network emulation, Controllers, Convergence"
}

@inproceedings{BGPIssues,
  author =	 "M. Yannuzzi, X. Masip-Bruin, O. Bonaventure",
  title =	 "Open issues in interdomain routing: a survey",
  booktitle = "IEEE Network",
  pages =	 "49--56",
  year =	 2005,
  month =	 November,
  url =		 "https://ieeexplore.ieee.org/document/1541721?arnumber=1541721",
  doi =		 "10.1109/MNET.2005.1541721",
  keywords =	 "Interdomain routing, network routing"
}

@inproceedings{largeBGP,
  author =	 "J. Heitz, J. Snijders, K. Patel, I. Bagdonas, N. Hilliard",
  title =	 "BGP Large Communities Attribute",
  booktitle = "Internet Engineering Task Force",
  year =	 2017,
  month =	 February,
  url =		 "https://tools.ietf.org/html/rfc8092",
}

@inproceedings{ipv6,
  author =	 "S. Deering, R. Hinden",
  title =	 "Internet Protocol, Version 6 (IPv6) Specification",
  booktitle = "Internet Engineering Task Force",
  year =	 2017,
  month =	 July,
  url =		 "https://tools.ietf.org/html/rfc8200",
}
@inproceedings{SRINFO,
  author =	 "C. Filsfils, S. Previdi, B. Decraene, S. Litkowski, R. Shakir",
  title =	 "Segment Routing Architecture",
  booktitle = "Internet Engineering Task Force",
  year =	 2018,
  month =	 July,
  url =		 "https://tools.ietf.org/html/rfc8402",
}
@inproceedings{SRV6,
  author =	 "David Lebrun, Olivier Bonaventure",
  title =	 "Implementing IPv6 Segment Routing in the Linux Kernal",
  booktitle = "ANRW '17: Proceedings of the Applied Network Research Workshop  ",
  year =	 2017,
  month =	 July,
  url =		 "https://dl.acm.org/doi/10.1145/3106328.3106329",
}
%%%%%%%%%%%%%%%%%%%%%%%%%%%%%%%%%%%%%%%%%%%%%%%%%%%%%%%%%%%%%%%%%%%%%%%%%%%%%%%

%% End of file.















































